@article{ref:Jambeck12_JPCB,
author = {Jämbeck, Joakim P. M. and Lyubartsev, Alexander P.},
title = {Derivation and Systematic Validation of a Refined All-Atom Force Field for Phosphatidylcholine Lipids},
journal = {The Journal of Physical Chemistry B},
volume = {116},
number = {10},
pages = {3164-3179},
year = {2012},
doi = {10.1021/jp212503e},

URL = {http://pubs.acs.org/doi/abs/10.1021/jp212503e},
eprint = {http://pubs.acs.org/doi/pdf/10.1021/jp212503e}
}

@article{ref:Hess08,
author = {Hess, Berk and Kutzner, Carsten and van der Spoel, David and Lindahl, Erik},
title = {GROMACS 4: Algorithms for Highly Efficient, Load-Balanced, and Scalable Molecular Simulation},
journal = {Journal of Chemical Theory and Computation},
volume = {4},
number = {3},
pages = {435-447},
year = {2008},
doi = {10.1021/ct700301q},

URL = {http://pubs.acs.org/doi/abs/10.1021/ct700301q},
eprint = {http://pubs.acs.org/doi/pdf/10.1021/ct700301q}
}

@article{ref:Jambeck12_JCTC,
author = {Jämbeck, Joakim P. M. and Lyubartsev, Alexander P.},
title = {An Extension and Further Validation of an All-Atomistic Force Field for Biological Membranes},
journal = {Journal of Chemical Theory and Computation},
volume = {8},
number = {8},
pages = {2938-2948},
year = {2012},
doi = {10.1021/ct300342n},

URL = {http://pubs.acs.org/doi/abs/10.1021/ct300342n},
eprint = {http://pubs.acs.org/doi/pdf/10.1021/ct300342n}
}

﻿@article{ref:Hornak06,
author = {Hornak, Viktor and Abel, Robert and Okur, Asim and Strockbine, Bentley and Roitberg, Adrian and Simmerling, Carlos},
title = {Comparison of multiple Amber force fields and development of improved protein backbone parameters},
journal = {Proteins: Structure, Function, and Bioinformatics},
volume = {65},
number = {3},
publisher = {Wiley Subscription Services, Inc., A Wiley Company},
issn = {1097-0134},
url = {http://dx.doi.org/10.1002/prot.21123},
doi = {10.1002/prot.21123},
pages = {712--725},
keywords = {trialanine, dihedral parameters, molecular dynamics, molecular mechanics, decoy analysis, NMR order parameters, α-helix},
year = {2006},
}

@article{ref:Kucerka10,
year={2010},
issn={0022-2631},
journal={Journal of Membrane Biology},
volume={235},
number={1},
doi={10.1007/s00232-010-9254-5},
title={Comparing Membrane Simulations to Scattering Experiments: Introducing the SIMtoEXP Software},
url={http://dx.doi.org/10.1007/s00232-010-9254-5},
publisher={Springer-Verlag},
keywords={MD simulation; X-ray scattering; Neutron scattering; Computer software},
author={Kučerka, Norbert and Katsaras, John and Nagle, JohnF.},
pages={43-50},
language={English}
}

@article{ref:Braun13,
author = {Braun, Anthony R. and Sachs, Jonathan N. and Nagle, John F.},
title = {Comparing Simulations of Lipid Bilayers to Scattering Data: The GROMOS 43A1-S3 Force Field},
journal = {The Journal of Physical Chemistry B},
volume = {117},
number = {17},
pages = {5065-5072},
year = {2013},
doi = {10.1021/jp401718k},
URL = {http://pubs.acs.org/doi/abs/10.1021/jp401718k},
eprint = {http://pubs.acs.org/doi/pdf/10.1021/jp401718k}
}

@article{ref:Kucerka08,
title = "Lipid Bilayer Structure Determined by the Simultaneous Analysis of Neutron and X-Ray Scattering Data ",
journal = "Biophysical Journal ",
volume = "95",
number = "5",
pages = "2356 - 2367",
year = "2008",
note = "",
issn = "0006-3495",
doi = "http://dx.doi.org/10.1529/biophysj.108.132662",
url = "http://www.sciencedirect.com/science/article/pii/S0006349508783838",
author = "Norbert Kučerka and John F. Nagle and Jonathan N. Sachs and Scott E. Feller and Jeremy Pencer and Andrew Jackson and John Katsaras"
}
